@book{burrows1994block,
  title={A Block-sorting Lossless Data Compression Algorithm},
  author={Burrows, M. and Wheeler, D.J.},
  number={no. 124},
  series={A block-sorting lossless data compression algorithm},
  url={https://books.google.sk/books?id=wPIkAQAAIAAJ},
  year={1994},
  publisher={Digital, Systems Research Center}
}

@article{langmead2013bwt,
  title={Introduction to the Burrows-Wheeler Transform and FM Index},
  author={Langmead, Benjamin Thomas},
  year={2013},
  url={http://www.cs.jhu.edu/~langmea/resources/bwt_fm.pdf}
}
